@book{cutland:1080,
author = {Cutland, Nigel},
title = {Computability: An Introduction to Recursive Function Theory},
year = {1980},
isbn = {0521294657},
publisher = {Cambridge University Press},
}

@book{firedberg:1958,
author = {Richard M. Friedberg},
year = {1958},
title = {Three Theorems on Recursive Enumeration. I. Decomposition. II. Maximal Set. III. Enumeration Without Duplication},
publisher = {Journal of Symbolic Logic},
volume = {23},
number={3},
pages={309--316}
}

@book{davis:2011,
author = {Davis, Martin},
title = {The Universal Computer: The Road from Leibniz to Turing},
year = {2011},
isbn = {1466505192},
publisher = {A. K. Peters, Ltd.},
address = {USA},
edition = {1st},
}

